<record><leader>00000cas a2200000 a 4500</leader><controlfield tag="001">18333916</controlfield><controlfield tag="008">880809d18581862iluwr ne      0   a0eng c</controlfield><datafield ind1=" " ind2=" " tag="010"><subfield code="a">sn 88084039 </subfield></datafield><datafield ind1=" " ind2=" " tag="040"><subfield code="a">PPM</subfield><subfield code="b">eng</subfield><subfield code="c">PPM</subfield><subfield code="d">NVF</subfield><subfield code="d">CVF</subfield><subfield code="d">OCL</subfield><subfield code="d">NVF</subfield><subfield code="d">ATL</subfield><subfield code="d">OCLCQ</subfield><subfield code="d">NVF</subfield><subfield code="d">OCLCF</subfield><subfield code="d">OCLCO</subfield></datafield><datafield ind1="1" ind2=" " tag="029"><subfield code="a">AU@</subfield><subfield code="b">000006021339</subfield></datafield><datafield ind1=" " ind2=" " tag="042"><subfield code="a">pcc</subfield></datafield><datafield ind1=" " ind2=" " tag="043"><subfield code="a">n-us-il</subfield><subfield code="a">n-usc--</subfield></datafield><datafield ind1=" " ind2="4" tag="050"><subfield code="a">BX6201</subfield></datafield><datafield ind1="0" ind2="4" tag="245"><subfield code="a">The Christian times and Illinois Baptist.</subfield></datafield><datafield ind1="1" ind2="3" tag="246"><subfield code="a">Illinois Baptist</subfield><subfield code="f">Apr. 21, 1858-Aug. 17, 1859</subfield></datafield><datafield ind1="1" ind2="7" tag="246"><subfield code="a">Christian times</subfield></datafield><datafield ind1=" " ind2=" " tag="260"><subfield code="a">Chicago, Ill. :</subfield><subfield code="b">Leroy Church [and] Edward Goodman,</subfield><subfield code="c">1858-1862.</subfield></datafield><datafield ind1=" " ind2=" " tag="300"><subfield code="a">6 v.</subfield></datafield><datafield ind1=" " ind2=" " tag="310"><subfield code="a">Weekly</subfield></datafield><datafield ind1="0" ind2=" " tag="362"><subfield code="a">Vol. 5, no. 35 (Apr. 21, 1858)-v. 10, no. 19 (Dec. 24, 1862) = whole no. 243-whole no. 487.</subfield></datafield><datafield ind1=" " ind2=" " tag="515"><subfield code="a">Continues the numbering of Christian times (Chicago, Ill. : 1853).</subfield></datafield><datafield ind1=" " ind2=" " tag="515"><subfield code="a">Issues for Apr. 21, 1858-Aug. 17, 1859 called also Illinois Baptist, v. 2, no. 26-v. 3, no. 52.</subfield></datafield><datafield ind1=" " ind2=" " tag="530"><subfield code="a">Available on microfilm;</subfield><subfield code="b">American Theological Library Association.</subfield></datafield><datafield ind1=" " ind2=" " tag="580"><subfield code="a">Formed by the union of: Christian times (Chicago, Ill. : 1853) and Illinois Baptist (Bloomington, Ill.).</subfield></datafield><datafield ind1=" " ind2="0" tag="650"><subfield code="a">Baptists</subfield><subfield code="z">Middle West</subfield><subfield code="v">Newspapers.</subfield></datafield><datafield ind1=" " ind2="0" tag="650"><subfield code="a">Baptists</subfield><subfield code="z">Illinois</subfield><subfield code="v">Newspapers.</subfield></datafield><datafield ind1=" " ind2="0" tag="651"><subfield code="a">Chicago (Ill.)</subfield><subfield code="v">Newspapers.</subfield></datafield><datafield ind1=" " ind2="7" tag="655"><subfield code="a">Newspapers.</subfield><subfield code="2">fast</subfield><subfield code="0">(OCoLC)fst01423814</subfield></datafield><datafield ind1=" " ind2="7" tag="650"><subfield code="a">Baptists.</subfield><subfield code="2">fast</subfield><subfield code="0">(OCoLC)fst00827285</subfield></datafield><datafield ind1=" " ind2="7" tag="651"><subfield code="a">Illinois.</subfield><subfield code="2">fast</subfield><subfield code="0">(OCoLC)fst01205143</subfield></datafield><datafield ind1=" " ind2="7" tag="651"><subfield code="a">Illinois</subfield><subfield code="z">Chicago.</subfield><subfield code="2">fast</subfield><subfield code="0">(OCoLC)fst01204048</subfield></datafield><datafield ind1=" " ind2="7" tag="651"><subfield code="a">Middle West.</subfield><subfield code="2">fast</subfield><subfield code="0">(OCoLC)fst01240052</subfield></datafield><datafield ind1=" " ind2=" " tag="752"><subfield code="a">United States</subfield><subfield code="b">Illinois</subfield><subfield code="c">Cook</subfield><subfield code="d">Chicago.</subfield></datafield><datafield ind1="0" ind2="8" tag="776"><subfield code="i">Microfilm.</subfield><subfield code="t">Christian times and Illinois Baptist.</subfield><subfield code="d">American Theological Library Association</subfield><subfield code="w">(DLC)   00221659</subfield><subfield code="w">(OCoLC)9668451</subfield></datafield><datafield ind1="1" ind2="4" tag="780"><subfield code="t">Christian times (Chicago, Ill. : 1853)</subfield><subfield code="w">(DLC)sn 88084042</subfield><subfield code="w">(OCoLC)18335740</subfield></datafield><datafield ind1="1" ind2="4" tag="780"><subfield code="t">Illinois Baptist (Bloomington, Ill.)</subfield><subfield code="w">(DLC)sn 96071025</subfield><subfield code="w">(OCoLC)35842123</subfield></datafield><datafield ind1="0" ind2="0" tag="785"><subfield code="t">Christian times (Chicago, Ill. : 1862)</subfield><subfield code="w">(DLC)sn 93055999</subfield><subfield code="w">(OCoLC)28904425</subfield></datafield></record>